

@inproceedings{Foley1967-EF,
  title={Resource allocation and the public sector},
  author={Duncan K. Foley},
  year={1967}
}

@article{VARIAN197463-EF,
title = {Equity, envy, and efficiency},
journal = {Journal of Economic Theory},
volume = {9},
number = {1},
pages = {63-91},
year = {1974},
issn = {0022-0531},
doi = {https://doi.org/10.1016/0022-0531(74)90075-1},
url = {https://www.sciencedirect.com/science/article/pii/0022053174900751},
author = {Hal R Varian}
}

@inproceedings{DBLP:LiptonMMS04-EF1,
  author    = {Richard J. Lipton and
               Evangelos Markakis and
               Elchanan Mossel and
               Amin Saberi},
  editor    = {Jack S. Breese and
               Joan Feigenbaum and
               Margo I. Seltzer},
  title     = {On approximately fair allocations of indivisible goods},
  booktitle = {Proceedings 5th {ACM} Conference on Electronic Commerce (EC-2004),
               New York, NY, USA, May 17-20, 2004},
  pages     = {125--131},
  publisher = {{ACM}},
  year      = {2004},
  url       = {https://doi.org/10.1145/988772.988792},
  doi       = {10.1145/988772.988792},
  timestamp = {Tue, 27 Nov 2018 11:56:48 +0100},
  biburl    = {https://dblp.org/rec/conf/sigecom/LiptonMMS04.bib},
  bibsource = {dblp computer science bibliography, https://dblp.org}
}

@article{DBLP:/CaragiannisKMP016-EFX-PMMS,
  author    = {Ioannis Caragiannis and
               David Kurokawa and
               Herv{\'{e}} Moulin and
               Ariel D. Procaccia and
               Nisarg Shah and
               Junxing Wang},
  title     = {The Unreasonable Fairness of Maximum Nash Welfare},
  journal   = {{ACM} Trans. Economics and Comput.},
  volume    = {7},
  number    = {3},
  pages     = {12:1--12:32},
  year      = {2019},
  url       = {https://doi.org/10.1145/3355902},
  doi       = {10.1145/3355902},
  timestamp = {Tue, 15 Oct 2019 16:11:03 +0200},
  biburl    = {https://dblp.org/rec/journals/teco/CaragiannisKMPS19.bib},
  bibsource = {dblp computer science bibliography, https://dblp.org}
}

@inproceedings{DBLP:GourvesMT14-EFX,
  author    = {Laurent Gourv{\`{e}}s and
               J{\'{e}}r{\^{o}}me Monnot and
               Lydia Tlilane},
  editor    = {Torsten Schaub and
               Gerhard Friedrich and
               Barry O'Sullivan},
  title     = {Near Fairness in Matroids},
  booktitle = {{ECAI} 2014 - 21st European Conference on Artificial Intelligence,
               18-22 August 2014, Prague, Czech Republic - Including Prestigious
               Applications of Intelligent Systems {(PAIS} 2014)},
  series    = {Frontiers in Artificial Intelligence and Applications},
  volume    = {263},
  pages     = {393--398},
  publisher = {{IOS} Press},
  year      = {2014},
  url       = {https://doi.org/10.3233/978-1-61499-419-0-393},
  doi       = {10.3233/978-1-61499-419-0-393},
  timestamp = {Wed, 24 May 2017 08:27:21 +0200},
  biburl    = {https://dblp.org/rec/conf/ecai/GourvesMT14.bib},
  bibsource = {dblp computer science bibliography, https://dblp.org}
}

@inproceedings{DBLP:GhodsiHSSY18-real-scenarios,
  author    = {Mohammad Ghodsi and
               Mohammad Taghi Hajiaghayi and
               Masoud Seddighin and
               Saeed Seddighin and
               Hadi Yami},
  editor    = {{\'{E}}va Tardos and
               Edith Elkind and
               Rakesh Vohra},
  title     = {Fair Allocation of Indivisible Goods: Improvements and Generalizations},
  booktitle = {Proceedings of the 2018 {ACM} Conference on Economics and Computation,
               Ithaca, NY, USA, June 18-22, 2018},
  pages     = {539--556},
  publisher = {{ACM}},
  year      = {2018},
  url       = {https://doi.org/10.1145/3219166.3219238},
  doi       = {10.1145/3219166.3219238},
  timestamp = {Tue, 27 Nov 2018 11:56:48 +0100},
  biburl    = {https://dblp.org/rec/conf/sigecom/GhodsiHSSY18.bib},
  bibsource = {dblp computer science bibliography, https://dblp.org}
}

@article{real-scenarios-2,
  author    = {Sylvain Bouveret and
               J{\'{e}}r{\^{o}}me Lang},
  title     = {Efficiency and Envy-freeness in Fair Division of Indivisible Goods:
               Logical Representation and Complexity},
  journal   = {J. Artif. Intell. Res.},
  volume    = {32},
  pages     = {525--564},
  year      = {2008},
  url       = {https://doi.org/10.1613/jair.2467},
  doi       = {10.1613/jair.2467},
  timestamp = {Mon, 21 Jan 2019 15:01:17 +0100},
  biburl    = {https://dblp.org/rec/journals/jair/BouveretL08.bib},
  bibsource = {dblp computer science bibliography, https://dblp.org}
}

@article{DBLP:MaximumNashWelfareandOtherStoriesAboutEFX,
  author    = {Georgios Amanatidis and
               Georgios Birmpas and
               Aris Filos{-}Ratsikas and
               Alexandros Hollender and
               Alexandros A. Voudouris},
  title     = {Maximum Nash welfare and other stories about {EFX}},
  journal   = {Theor. Comput. Sci.},
  volume    = {863},
  pages     = {69--85},
  year      = {2021},
  url       = {https://doi.org/10.1016/j.tcs.2021.02.020},
  doi       = {10.1016/j.tcs.2021.02.020},
  timestamp = {Fri, 09 Apr 2021 18:27:59 +0200},
  biburl    = {https://dblp.org/rec/journals/tcs/AmanatidisBFHV21.bib},
  bibsource = {dblp computer science bibliography, https://dblp.org}
}

@inproceedings{DBLP:3p-efx-existance,
  author    = {Bhaskar Ray Chaudhury and
               Jugal Garg and
               Kurt Mehlhorn},
  editor    = {P{\'{e}}ter Bir{\'{o}} and
               Jason D. Hartline and
               Michael Ostrovsky and
               Ariel D. Procaccia},
  title     = {{EFX} Exists for Three Agents},
  booktitle = {{EC} '20: The 21st {ACM} Conference on Economics and Computation,
               Virtual Event, Hungary, July 13-17, 2020},
  pages     = {1--19},
  publisher = {{ACM}},
  year      = {2020},
  url       = {https://doi.org/10.1145/3391403.3399511},
  doi       = {10.1145/3391403.3399511},
  timestamp = {Mon, 04 Jan 2021 14:52:42 +0100},
  biburl    = {https://dblp.org/rec/conf/sigecom/ChaudhuryGM20.bib},
  bibsource = {dblp computer science bibliography, https://dblp.org}
}

@inproceedings{DBLP:Budish10-mms,
  author    = {Eric Budish},
  editor    = {Moshe Dror and
               Greys Sosic},
  title     = {The combinatorial assignment problem: approximate competitive equilibrium
               from equal incomes},
  booktitle = {Proceedings of the Behavioral and Quantitative Game Theory - Conference
               on Future Directions, {BQGT} '10, Newport Beach, California, USA,
               May 14-16, 2010},
  pages     = {74:1},
  publisher = {{ACM}},
  year      = {2010},
  url       = {https://doi.org/10.1145/1807406.1807480},
  doi       = {10.1145/1807406.1807480},
  timestamp = {Tue, 06 Nov 2018 16:57:10 +0100},
  biburl    = {https://dblp.org/rec/conf/bqgt/Budish10.bib},
  bibsource = {dblp computer science bibliography, https://dblp.org}
}

@article{DBLP:BarmanM17-efx-same-ordering,
  author    = {Siddharth Barman and
               Sanath Kumar Krishnamurthy},
  title     = {Approximation Algorithms for Maximin Fair Division},
  journal   = {{ACM} Trans. Economics and Comput.},
  volume    = {8},
  number    = {1},
  pages     = {5:1--5:28},
  year      = {2020},
  url       = {https://doi.org/10.1145/3381525},
  doi       = {10.1145/3381525},
  timestamp = {Thu, 30 Apr 2020 16:39:29 +0200},
  biburl    = {https://dblp.org/rec/journals/teco/BarmanK20.bib},
  bibsource = {dblp computer science bibliography, https://dblp.org}
}

@article{DBLP:PlautR17-1/2-EFX-approx,
  author    = {Benjamin Plaut and
               Tim Roughgarden},
  title     = {Almost Envy-Freeness with General Valuations},
  journal   = {{SIAM} J. Discret. Math.},
  volume    = {34},
  number    = {2},
  pages     = {1039--1068},
  year      = {2020},
  url       = {https://doi.org/10.1137/19M124397X},
  doi       = {10.1137/19M124397X},
  timestamp = {Thu, 06 Aug 2020 21:48:09 +0200},
  biburl    = {https://dblp.org/rec/journals/siamdm/PlautR20.bib},
  bibsource = {dblp computer science bibliography, https://dblp.org}
}

@inproceedings{DBLP:ComparingApproximateRelaxationsofEnvy-Freeness,
  author    = {Georgios Amanatidis and
               Georgios Birmpas and
               Vangelis Markakis},
  editor    = {J{\'{e}}r{\^{o}}me Lang},
  title     = {Comparing Approximate Relaxations of Envy-Freeness},
  booktitle = {Proceedings of the Twenty-Seventh International Joint Conference on
               Artificial Intelligence, {IJCAI} 2018, July 13-19, 2018, Stockholm,
               Sweden},
  pages     = {42--48},
  publisher = {ijcai.org},
  year      = {2018},
  url       = {https://doi.org/10.24963/ijcai.2018/6},
  doi       = {10.24963/ijcai.2018/6},
  timestamp = {Fri, 27 Mar 2020 09:00:54 +0100},
  biburl    = {https://dblp.org/rec/conf/ijcai/AmanatidisBM18.bib},
  bibsource = {dblp computer science bibliography, https://dblp.org}
}

@article{DBLP:cut-and-choose-indivisible,
  author    = {Benjamin Plaut and
               Tim Roughgarden},
  title     = {Almost Envy-Freeness with General Valuations},
  journal   = {{SIAM} J. Discret. Math.},
  volume    = {34},
  number    = {2},
  pages     = {1039--1068},
  year      = {2020},
  url       = {https://doi.org/10.1137/19M124397X},
  doi       = {10.1137/19M124397X},
  timestamp = {Thu, 06 Aug 2020 21:48:09 +0200},
  biburl    = {https://dblp.org/rec/journals/siamdm/PlautR20.bib},
  bibsource = {dblp computer science bibliography, https://dblp.org}
}

@misc{wiki-fair-division,
    author = "{Wikipedia contributors}",
    title = "Fair division --- {Wikipedia}{,} The Free Encyclopedia",
    year = "2021",
    url = "https://en.wikipedia.org/w/index.php?title=Fair_division&oldid=1041463155",
    note = "[Online; accessed 2-December-2021]"
}

@inproceedings{DBLP:efx-charity,
  author    = {Ioannis Caragiannis and
               Nick Gravin and
               Xin Huang},
  editor    = {Anna Karlin and
               Nicole Immorlica and
               Ramesh Johari},
  title     = {Envy-Freeness Up to Any Item with High Nash Welfare: The Virtue of
               Donating Items},
  booktitle = {Proceedings of the 2019 {ACM} Conference on Economics and Computation,
               {EC} 2019, Phoenix, AZ, USA, June 24-28, 2019},
  pages     = {527--545},
  publisher = {{ACM}},
  year      = {2019},
  url       = {https://doi.org/10.1145/3328526.3329574},
  doi       = {10.1145/3328526.3329574},
  timestamp = {Wed, 26 Jun 2019 19:12:03 +0200},
  biburl    = {https://dblp.org/rec/conf/ec/CaragiannisGH19.bib},
  bibsource = {dblp computer science bibliography, https://dblp.org}
}