@article{DBLP:journals/corr/abs-2001-09838,
  author    = {Georgios Amanatidis and
               Georgios Birmpas and
               Aris Filos{-}Ratsikas and
               Alexandros Hollender and
               Alexandros A. Voudouris},
  title     = {Maximum Nash Welfare and Other Stories About {EFX}},
  journal   = {CoRR},
  volume    = {abs/2001.09838},
  year      = {2020},
  url       = {https://arxiv.org/abs/2001.09838},
  archivePrefix = {arXiv},
  eprint    = {2001.09838},
  timestamp = {Thu, 30 Jan 2020 18:46:36 +0100},
  biburl    = {https://dblp.org/rec/journals/corr/abs-2001-09838.bib},
  bibsource = {dblp computer science bibliography, https://dblp.org}
}